%YAML 1.1
%TAG !u! tag:unity3d.com,2011:
--- !u!29 &1
OcclusionCullingSettings:
  m_ObjectHideFlags: 0
  serializedVersion: 2
  m_OcclusionBakeSettings:
    smallestOccluder: 5
    smallestHole: 0.25
    backfaceThreshold: 100
  m_SceneGUID: 00000000000000000000000000000000
  m_OcclusionCullingData: {fileID: 0}
--- !u!104 &2
RenderSettings:
  m_ObjectHideFlags: 0
  serializedVersion: 9
  m_Fog: 0
  m_FogColor: {r: 0.5, g: 0.5, b: 0.5, a: 1}
  m_FogMode: 3
  m_FogDensity: 0.01
  m_LinearFogStart: 0
  m_LinearFogEnd: 300
  m_AmbientSkyColor: {r: 0.212, g: 0.227, b: 0.259, a: 1}
  m_AmbientEquatorColor: {r: 0.114, g: 0.125, b: 0.133, a: 1}
  m_AmbientGroundColor: {r: 0.047, g: 0.043, b: 0.035, a: 1}
  m_AmbientIntensity: 1
  m_AmbientMode: 0
  m_SubtractiveShadowColor: {r: 0.42, g: 0.478, b: 0.627, a: 1}
  m_SkyboxMaterial: {fileID: 10304, guid: 0000000000000000f000000000000000, type: 0}
  m_HaloStrength: 0.5
  m_FlareStrength: 1
  m_FlareFadeSpeed: 3
  m_HaloTexture: {fileID: 0}
  m_SpotCookie: {fileID: 10001, guid: 0000000000000000e000000000000000, type: 0}
  m_DefaultReflectionMode: 0
  m_DefaultReflectionResolution: 128
  m_ReflectionBounces: 1
  m_ReflectionIntensity: 1
  m_CustomReflection: {fileID: 0}
  m_Sun: {fileID: 0}
  m_IndirectSpecularColor: {r: 0.014290172, g: 0.006577756, b: 0.0015096405, a: 1}
  m_UseRadianceAmbientProbe: 0
--- !u!157 &3
LightmapSettings:
  m_ObjectHideFlags: 0
  serializedVersion: 11
  m_GIWorkflowMode: 1
  m_GISettings:
    serializedVersion: 2
    m_BounceScale: 1
    m_IndirectOutputScale: 1
    m_AlbedoBoost: 1
    m_TemporalCoherenceThreshold: 1
    m_EnvironmentLightingMode: 0
    m_EnableBakedLightmaps: 1
    m_EnableRealtimeLightmaps: 1
  m_LightmapEditorSettings:
    serializedVersion: 10
    m_Resolution: 2
    m_BakeResolution: 40
    m_AtlasSize: 1024
    m_AO: 0
    m_AOMaxDistance: 1
    m_CompAOExponent: 1
    m_CompAOExponentDirect: 0
    m_Padding: 2
    m_LightmapParameters: {fileID: 0}
    m_LightmapsBakeMode: 1
    m_TextureCompression: 1
    m_FinalGather: 0
    m_FinalGatherFiltering: 1
    m_FinalGatherRayCount: 256
    m_ReflectionCompression: 2
    m_MixedBakeMode: 2
    m_BakeBackend: 1
    m_PVRSampling: 1
    m_PVRDirectSampleCount: 32
    m_PVRSampleCount: 500
    m_PVRBounces: 2
    m_PVRFilterTypeDirect: 0
    m_PVRFilterTypeIndirect: 0
    m_PVRFilterTypeAO: 0
    m_PVRFilteringMode: 1
    m_PVRCulling: 1
    m_PVRFilteringGaussRadiusDirect: 1
    m_PVRFilteringGaussRadiusIndirect: 5
    m_PVRFilteringGaussRadiusAO: 2
    m_PVRFilteringAtrousPositionSigmaDirect: 0.5
    m_PVRFilteringAtrousPositionSigmaIndirect: 2
    m_PVRFilteringAtrousPositionSigmaAO: 1
    m_ShowResolutionOverlay: 1
  m_LightingDataAsset: {fileID: 112001400, guid: be29b09c2729db143bc00e14b4ba2e34,
    type: 2}
  m_UseShadowmask: 1
--- !u!196 &4
NavMeshSettings:
  serializedVersion: 2
  m_ObjectHideFlags: 0
  m_BuildSettings:
    serializedVersion: 2
    agentTypeID: 0
    agentRadius: 0.5
    agentHeight: 2
    agentSlope: 45
    agentClimb: 0.4
    ledgeDropHeight: 0
    maxJumpAcrossDistance: 0
    minRegionArea: 2
    manualCellSize: 0
    cellSize: 0.16666667
    manualTileSize: 0
    tileSize: 256
    accuratePlacement: 0
    debug:
      m_Flags: 0
  m_NavMeshData: {fileID: 0}
--- !u!1001 &11895410
Prefab:
  m_ObjectHideFlags: 0
  serializedVersion: 2
  m_Modification:
    m_TransformParent: {fileID: 899415092}
    m_Modifications:
    - target: {fileID: 4095610410776694, guid: 9e43d2d9f9d82614dba5d122f6edf331, type: 2}
      propertyPath: m_LocalPosition.x
      value: 5.092583
      objectReference: {fileID: 0}
    - target: {fileID: 4095610410776694, guid: 9e43d2d9f9d82614dba5d122f6edf331, type: 2}
      propertyPath: m_LocalPosition.y
      value: 2.085
      objectReference: {fileID: 0}
    - target: {fileID: 4095610410776694, guid: 9e43d2d9f9d82614dba5d122f6edf331, type: 2}
      propertyPath: m_LocalPosition.z
      value: -0.0010404147
      objectReference: {fileID: 0}
    - target: {fileID: 4095610410776694, guid: 9e43d2d9f9d82614dba5d122f6edf331, type: 2}
      propertyPath: m_LocalRotation.x
      value: -0
      objectReference: {fileID: 0}
    - target: {fileID: 4095610410776694, guid: 9e43d2d9f9d82614dba5d122f6edf331, type: 2}
      propertyPath: m_LocalRotation.y
      value: -0
      objectReference: {fileID: 0}
    - target: {fileID: 4095610410776694, guid: 9e43d2d9f9d82614dba5d122f6edf331, type: 2}
      propertyPath: m_LocalRotation.z
      value: -0
      objectReference: {fileID: 0}
    - target: {fileID: 4095610410776694, guid: 9e43d2d9f9d82614dba5d122f6edf331, type: 2}
      propertyPath: m_LocalRotation.w
      value: 1
      objectReference: {fileID: 0}
    - target: {fileID: 4095610410776694, guid: 9e43d2d9f9d82614dba5d122f6edf331, type: 2}
      propertyPath: m_RootOrder
      value: 0
      objectReference: {fileID: 0}
    - target: {fileID: 4095610410776694, guid: 9e43d2d9f9d82614dba5d122f6edf331, type: 2}
      propertyPath: m_LocalScale.z
      value: 1
      objectReference: {fileID: 0}
    - target: {fileID: 1359689966267466, guid: 9e43d2d9f9d82614dba5d122f6edf331, type: 2}
      propertyPath: m_Name
      value: GunKillBox (1)
      objectReference: {fileID: 0}
    - target: {fileID: 4095610410776694, guid: 9e43d2d9f9d82614dba5d122f6edf331, type: 2}
      propertyPath: m_LocalScale.y
      value: 5
      objectReference: {fileID: 0}
    m_RemovedComponents: []
  m_SourcePrefab: {fileID: 100100000, guid: 9e43d2d9f9d82614dba5d122f6edf331, type: 2}
  m_IsPrefabAsset: 0
--- !u!4 &11895411 stripped
Transform:
  m_CorrespondingSourceObject: {fileID: 4095610410776694, guid: 9e43d2d9f9d82614dba5d122f6edf331,
    type: 2}
  m_PrefabInternal: {fileID: 11895410}
--- !u!1 &32043955
GameObject:
  m_ObjectHideFlags: 0
  m_CorrespondingSourceObject: {fileID: 0}
  m_PrefabInternal: {fileID: 0}
  serializedVersion: 6
  m_Component:
  - component: {fileID: 32043956}
  - component: {fileID: 32043957}
  m_Layer: 0
  m_Name: Edge
  m_TagString: Untagged
  m_Icon: {fileID: 0}
  m_NavMeshLayer: 0
  m_StaticEditorFlags: 0
  m_IsActive: 1
--- !u!4 &32043956
Transform:
  m_ObjectHideFlags: 0
  m_CorrespondingSourceObject: {fileID: 0}
  m_PrefabInternal: {fileID: 0}
  m_GameObject: {fileID: 32043955}
  m_LocalRotation: {x: 0, y: 0, z: 0, w: 1}
  m_LocalPosition: {x: 1.245, y: 0.403, z: 0.171}
  m_LocalScale: {x: 1, y: 1, z: 1}
  m_Children: []
  m_Father: {fileID: 1119561828}
  m_RootOrder: 0
  m_LocalEulerAnglesHint: {x: 0, y: 0, z: 0}
--- !u!65 &32043957
BoxCollider:
  m_ObjectHideFlags: 0
  m_CorrespondingSourceObject: {fileID: 0}
  m_PrefabInternal: {fileID: 0}
  m_GameObject: {fileID: 32043955}
  m_Material: {fileID: 0}
  m_IsTrigger: 0
  m_Enabled: 1
  serializedVersion: 2
  m_Size: {x: 0.15088353, y: 1, z: 3.7342815}
  m_Center: {x: 0.47226784, y: 0, z: 0.66074604}
--- !u!1 &47115939
GameObject:
  m_ObjectHideFlags: 0
  m_CorrespondingSourceObject: {fileID: 0}
  m_PrefabInternal: {fileID: 0}
  serializedVersion: 6
  m_Component:
  - component: {fileID: 47115940}
  - component: {fileID: 47115941}
  m_Layer: 0
  m_Name: Shelf (8)
  m_TagString: Untagged
  m_Icon: {fileID: 0}
  m_NavMeshLayer: 0
  m_StaticEditorFlags: 0
  m_IsActive: 1
--- !u!4 &47115940
Transform:
  m_ObjectHideFlags: 0
  m_CorrespondingSourceObject: {fileID: 0}
  m_PrefabInternal: {fileID: 0}
  m_GameObject: {fileID: 47115939}
  m_LocalRotation: {x: -0, y: -1, z: -0, w: -0.0000017881393}
  m_LocalPosition: {x: -0.796, y: 0.403, z: 0.988}
  m_LocalScale: {x: 1.0000001, y: 1, z: 1.0000001}
  m_Children: []
  m_Father: {fileID: 1119561828}
  m_RootOrder: 14
  m_LocalEulerAnglesHint: {x: 0, y: 540, z: 0}
--- !u!65 &47115941
BoxCollider:
  m_ObjectHideFlags: 0
  m_CorrespondingSourceObject: {fileID: 0}
  m_PrefabInternal: {fileID: 0}
  m_GameObject: {fileID: 47115939}
  m_Material: {fileID: 0}
  m_IsTrigger: 0
  m_Enabled: 1
  serializedVersion: 2
  m_Size: {x: 0.15088381, y: 0.33820653, z: 0.29160836}
  m_Center: {x: 0.47227836, y: -0.09815872, z: 0.16893265}
--- !u!1 &49917880
GameObject:
  m_ObjectHideFlags: 0
  m_CorrespondingSourceObject: {fileID: 0}
  m_PrefabInternal: {fileID: 0}
  serializedVersion: 6
  m_Component:
  - component: {fileID: 49917881}
  - component: {fileID: 49917882}
  m_Layer: 0
  m_Name: Edge (3)
  m_TagString: Untagged
  m_Icon: {fileID: 0}
  m_NavMeshLayer: 0
  m_StaticEditorFlags: 0
  m_IsActive: 1
--- !u!4 &49917881
Transform:
  m_ObjectHideFlags: 0
  m_CorrespondingSourceObject: {fileID: 0}
  m_PrefabInternal: {fileID: 0}
  m_GameObject: {fileID: 49917880}
  m_LocalRotation: {x: -0, y: 0.70710754, z: -0, w: -0.7071061}
  m_LocalPosition: {x: -1.098, y: 0.403, z: 0.866}
  m_LocalScale: {x: 1.0000001, y: 1, z: 1.0000001}
  m_Children: []
  m_Father: {fileID: 1119561828}
  m_RootOrder: 3
  m_LocalEulerAnglesHint: {x: 0, y: 270, z: 0}
--- !u!65 &49917882
BoxCollider:
  m_ObjectHideFlags: 0
  m_CorrespondingSourceObject: {fileID: 0}
  m_PrefabInternal: {fileID: 0}
  m_GameObject: {fileID: 49917880}
  m_Material: {fileID: 0}
  m_IsTrigger: 0
  m_Enabled: 1
  serializedVersion: 2
  m_Size: {x: 0.15088338, y: 1, z: 2.5047667}
  m_Center: {x: 0.47226977, y: 0, z: 1.2755039}
--- !u!1 &65164209
GameObject:
  m_ObjectHideFlags: 0
  m_CorrespondingSourceObject: {fileID: 0}
  m_PrefabInternal: {fileID: 0}
  serializedVersion: 6
  m_Component:
  - component: {fileID: 65164210}
  - component: {fileID: 65164211}
  m_Layer: 0
  m_Name: Shelf (7)
  m_TagString: Untagged
  m_Icon: {fileID: 0}
  m_NavMeshLayer: 0
  m_StaticEditorFlags: 0
  m_IsActive: 1
--- !u!4 &65164210
Transform:
  m_ObjectHideFlags: 0
  m_CorrespondingSourceObject: {fileID: 0}
  m_PrefabInternal: {fileID: 0}
  m_GameObject: {fileID: 65164209}
  m_LocalRotation: {x: -0, y: -1, z: -0, w: -0.0000017881393}
  m_LocalPosition: {x: -0.377, y: 0.403, z: 0.995}
  m_LocalScale: {x: 1.0000001, y: 1, z: 1.0000001}
  m_Children: []
  m_Father: {fileID: 1119561828}
  m_RootOrder: 13
  m_LocalEulerAnglesHint: {x: 0, y: 540, z: 0}
--- !u!65 &65164211
BoxCollider:
  m_ObjectHideFlags: 0
  m_CorrespondingSourceObject: {fileID: 0}
  m_PrefabInternal: {fileID: 0}
  m_GameObject: {fileID: 65164209}
  m_Material: {fileID: 0}
  m_IsTrigger: 0
  m_Enabled: 1
  serializedVersion: 2
  m_Size: {x: 0.15088381, y: 0.33820653, z: 0.29160836}
  m_Center: {x: 0.47227836, y: -0.09815872, z: 0.16893265}
--- !u!1001 &104232370
Prefab:
  m_ObjectHideFlags: 0
  serializedVersion: 2
  m_Modification:
    m_TransformParent: {fileID: 899415092}
    m_Modifications:
    - target: {fileID: 4095610410776694, guid: 9e43d2d9f9d82614dba5d122f6edf331, type: 2}
      propertyPath: m_LocalPosition.x
      value: 4.0637426
      objectReference: {fileID: 0}
    - target: {fileID: 4095610410776694, guid: 9e43d2d9f9d82614dba5d122f6edf331, type: 2}
      propertyPath: m_LocalPosition.y
      value: 2.085
      objectReference: {fileID: 0}
    - target: {fileID: 4095610410776694, guid: 9e43d2d9f9d82614dba5d122f6edf331, type: 2}
      propertyPath: m_LocalPosition.z
      value: -0.24852976
      objectReference: {fileID: 0}
    - target: {fileID: 4095610410776694, guid: 9e43d2d9f9d82614dba5d122f6edf331, type: 2}
      propertyPath: m_LocalRotation.x
      value: -0
      objectReference: {fileID: 0}
    - target: {fileID: 4095610410776694, guid: 9e43d2d9f9d82614dba5d122f6edf331, type: 2}
      propertyPath: m_LocalRotation.y
      value: 0.7071071
      objectReference: {fileID: 0}
    - target: {fileID: 4095610410776694, guid: 9e43d2d9f9d82614dba5d122f6edf331, type: 2}
      propertyPath: m_LocalRotation.z
      value: -0
      objectReference: {fileID: 0}
    - target: {fileID: 4095610410776694, guid: 9e43d2d9f9d82614dba5d122f6edf331, type: 2}
      propertyPath: m_LocalRotation.w
      value: 0.7071065
      objectReference: {fileID: 0}
    - target: {fileID: 4095610410776694, guid: 9e43d2d9f9d82614dba5d122f6edf331, type: 2}
      propertyPath: m_RootOrder
      value: 3
      objectReference: {fileID: 0}
    - target: {fileID: 4095610410776694, guid: 9e43d2d9f9d82614dba5d122f6edf331, type: 2}
      propertyPath: m_LocalScale.z
      value: 1
      objectReference: {fileID: 0}
    - target: {fileID: 1359689966267466, guid: 9e43d2d9f9d82614dba5d122f6edf331, type: 2}
      propertyPath: m_Name
      value: GunKillBox (4)
      objectReference: {fileID: 0}
    - target: {fileID: 4095610410776694, guid: 9e43d2d9f9d82614dba5d122f6edf331, type: 2}
      propertyPath: m_LocalEulerAnglesHint.y
      value: 135
      objectReference: {fileID: 0}
    - target: {fileID: 4095610410776694, guid: 9e43d2d9f9d82614dba5d122f6edf331, type: 2}
      propertyPath: m_LocalScale.x
      value: 0.18392166
      objectReference: {fileID: 0}
    - target: {fileID: 4095610410776694, guid: 9e43d2d9f9d82614dba5d122f6edf331, type: 2}
      propertyPath: m_LocalScale.y
      value: 5
      objectReference: {fileID: 0}
    m_RemovedComponents: []
  m_SourcePrefab: {fileID: 100100000, guid: 9e43d2d9f9d82614dba5d122f6edf331, type: 2}
  m_IsPrefabAsset: 0
--- !u!4 &104232371 stripped
Transform:
  m_CorrespondingSourceObject: {fileID: 4095610410776694, guid: 9e43d2d9f9d82614dba5d122f6edf331,
    type: 2}
  m_PrefabInternal: {fileID: 104232370}
--- !u!1 &111641288
GameObject:
  m_ObjectHideFlags: 0
  m_CorrespondingSourceObject: {fileID: 0}
  m_PrefabInternal: {fileID: 0}
  serializedVersion: 6
  m_Component:
  - component: {fileID: 111641289}
  - component: {fileID: 111641290}
  m_Layer: 0
  m_Name: Shelf (5)
  m_TagString: Untagged
  m_Icon: {fileID: 0}
  m_NavMeshLayer: 0
  m_StaticEditorFlags: 0
  m_IsActive: 1
--- !u!4 &111641289
Transform:
  m_ObjectHideFlags: 0
  m_CorrespondingSourceObject: {fileID: 0}
  m_PrefabInternal: {fileID: 0}
  m_GameObject: {fileID: 111641288}
  m_LocalRotation: {x: -0, y: -1, z: -0, w: -0.0000017881393}
  m_LocalPosition: {x: 0.049, y: 0.403, z: 1.706}
  m_LocalScale: {x: 1.0000001, y: 1, z: 1.0000001}
  m_Children: []
  m_Father: {fileID: 1119561828}
  m_RootOrder: 11
  m_LocalEulerAnglesHint: {x: 0, y: 540, z: 0}
--- !u!65 &111641290
BoxCollider:
  m_ObjectHideFlags: 0
  m_CorrespondingSourceObject: {fileID: 0}
  m_PrefabInternal: {fileID: 0}
  m_GameObject: {fileID: 111641288}
  m_Material: {fileID: 0}
  m_IsTrigger: 0
  m_Enabled: 1
  serializedVersion: 2
  m_Size: {x: 0.15088381, y: 0.33820653, z: 0.29160836}
  m_Center: {x: 0.47227836, y: -0.09815872, z: 0.16893265}
--- !u!1 &132935260
GameObject:
  m_ObjectHideFlags: 0
  m_CorrespondingSourceObject: {fileID: 0}
  m_PrefabInternal: {fileID: 0}
  serializedVersion: 6
  m_Component:
  - component: {fileID: 132935261}
  - component: {fileID: 132935262}
  m_Layer: 0
  m_Name: Shelf (1)
  m_TagString: Untagged
  m_Icon: {fileID: 0}
  m_NavMeshLayer: 0
  m_StaticEditorFlags: 0
  m_IsActive: 1
--- !u!4 &132935261
Transform:
  m_ObjectHideFlags: 0
  m_CorrespondingSourceObject: {fileID: 0}
  m_PrefabInternal: {fileID: 0}
  m_GameObject: {fileID: 132935260}
  m_LocalRotation: {x: 0, y: -0.70710605, z: -0, w: -0.7071076}
  m_LocalPosition: {x: 1.052, y: 0.403, z: 2.017}
  m_LocalScale: {x: 1.0000004, y: 1, z: 1.0000004}
  m_Children: []
  m_Father: {fileID: 1119561828}
  m_RootOrder: 7
  m_LocalEulerAnglesHint: {x: 0, y: 450, z: 0}
--- !u!65 &132935262
BoxCollider:
  m_ObjectHideFlags: 0
  m_CorrespondingSourceObject: {fileID: 0}
  m_PrefabInternal: {fileID: 0}
  m_GameObject: {fileID: 132935260}
  m_Material: {fileID: 0}
  m_IsTrigger: 0
  m_Enabled: 1
  serializedVersion: 2
  m_Size: {x: 0.15088381, y: 0.33820653, z: 0.29160836}
  m_Center: {x: 0.47227836, y: -0.09815872, z: 0.16893265}
--- !u!1001 &544026527
Prefab:
  m_ObjectHideFlags: 0
  serializedVersion: 2
  m_Modification:
    m_TransformParent: {fileID: 899415092}
    m_Modifications:
    - target: {fileID: 4095610410776694, guid: 9e43d2d9f9d82614dba5d122f6edf331, type: 2}
      propertyPath: m_LocalPosition.x
      value: 0
      objectReference: {fileID: 0}
    - target: {fileID: 4095610410776694, guid: 9e43d2d9f9d82614dba5d122f6edf331, type: 2}
      propertyPath: m_LocalPosition.y
      value: 2.085
      objectReference: {fileID: 0}
    - target: {fileID: 4095610410776694, guid: 9e43d2d9f9d82614dba5d122f6edf331, type: 2}
      propertyPath: m_LocalPosition.z
      value: 0
      objectReference: {fileID: 0}
    - target: {fileID: 4095610410776694, guid: 9e43d2d9f9d82614dba5d122f6edf331, type: 2}
      propertyPath: m_LocalRotation.x
      value: -0
      objectReference: {fileID: 0}
    - target: {fileID: 4095610410776694, guid: 9e43d2d9f9d82614dba5d122f6edf331, type: 2}
      propertyPath: m_LocalRotation.y
      value: -0
      objectReference: {fileID: 0}
    - target: {fileID: 4095610410776694, guid: 9e43d2d9f9d82614dba5d122f6edf331, type: 2}
      propertyPath: m_LocalRotation.z
      value: 0
      objectReference: {fileID: 0}
    - target: {fileID: 4095610410776694, guid: 9e43d2d9f9d82614dba5d122f6edf331, type: 2}
      propertyPath: m_LocalRotation.w
      value: 1
      objectReference: {fileID: 0}
    - target: {fileID: 4095610410776694, guid: 9e43d2d9f9d82614dba5d122f6edf331, type: 2}
      propertyPath: m_RootOrder
      value: 4
      objectReference: {fileID: 0}
    - target: {fileID: 4095610410776694, guid: 9e43d2d9f9d82614dba5d122f6edf331, type: 2}
      propertyPath: m_LocalScale.z
      value: 1
      objectReference: {fileID: 0}
    - target: {fileID: 4095610410776694, guid: 9e43d2d9f9d82614dba5d122f6edf331, type: 2}
      propertyPath: m_LocalScale.y
      value: 5
      objectReference: {fileID: 0}
    m_RemovedComponents: []
  m_SourcePrefab: {fileID: 100100000, guid: 9e43d2d9f9d82614dba5d122f6edf331, type: 2}
  m_IsPrefabAsset: 0
--- !u!4 &544026528 stripped
Transform:
  m_CorrespondingSourceObject: {fileID: 4095610410776694, guid: 9e43d2d9f9d82614dba5d122f6edf331,
    type: 2}
  m_PrefabInternal: {fileID: 544026527}
--- !u!1001 &610370634
Prefab:
  m_ObjectHideFlags: 0
  serializedVersion: 2
  m_Modification:
    m_TransformParent: {fileID: 0}
    m_Modifications:
    - target: {fileID: 4443403825990788, guid: 9b93c7af0b5302740832456e5f265554, type: 2}
      propertyPath: m_LocalPosition.x
      value: 0.396
      objectReference: {fileID: 0}
    - target: {fileID: 4443403825990788, guid: 9b93c7af0b5302740832456e5f265554, type: 2}
      propertyPath: m_LocalPosition.y
      value: 2.191
      objectReference: {fileID: 0}
    - target: {fileID: 4443403825990788, guid: 9b93c7af0b5302740832456e5f265554, type: 2}
      propertyPath: m_LocalPosition.z
      value: -1.456
      objectReference: {fileID: 0}
    - target: {fileID: 4443403825990788, guid: 9b93c7af0b5302740832456e5f265554, type: 2}
      propertyPath: m_LocalRotation.x
      value: 0.7071068
      objectReference: {fileID: 0}
    - target: {fileID: 4443403825990788, guid: 9b93c7af0b5302740832456e5f265554, type: 2}
      propertyPath: m_LocalRotation.y
      value: 0
      objectReference: {fileID: 0}
    - target: {fileID: 4443403825990788, guid: 9b93c7af0b5302740832456e5f265554, type: 2}
      propertyPath: m_LocalRotation.z
      value: 0
      objectReference: {fileID: 0}
    - target: {fileID: 4443403825990788, guid: 9b93c7af0b5302740832456e5f265554, type: 2}
      propertyPath: m_LocalRotation.w
      value: 0.7071068
      objectReference: {fileID: 0}
    - target: {fileID: 4443403825990788, guid: 9b93c7af0b5302740832456e5f265554, type: 2}
      propertyPath: m_RootOrder
      value: 2
      objectReference: {fileID: 0}
    - target: {fileID: 114328264223374044, guid: 9b93c7af0b5302740832456e5f265554,
        type: 2}
      propertyPath: chaseSpeed
      value: 0.3
      objectReference: {fileID: 0}
    m_RemovedComponents: []
  m_SourcePrefab: {fileID: 100100000, guid: 9b93c7af0b5302740832456e5f265554, type: 2}
  m_IsPrefabAsset: 0
--- !u!1 &694016614 stripped
GameObject:
  m_CorrespondingSourceObject: {fileID: 1446723467728822, guid: 3400f51725b00eb4cae73659a98f8098,
    type: 2}
  m_PrefabInternal: {fileID: 1417634253}
--- !u!65 &694016619
BoxCollider:
  m_ObjectHideFlags: 0
  m_CorrespondingSourceObject: {fileID: 0}
  m_PrefabInternal: {fileID: 0}
  m_GameObject: {fileID: 694016614}
  m_Material: {fileID: 0}
  m_IsTrigger: 0
  m_Enabled: 1
  serializedVersion: 2
  m_Size: {x: 0.005000001, y: 0.021840444, z: 0.09831777}
  m_Center: {x: 0.0024999504, y: 0.01092028, z: 0.049158957}
--- !u!1001 &705428012
Prefab:
  m_ObjectHideFlags: 0
  serializedVersion: 2
  m_Modification:
    m_TransformParent: {fileID: 1191421651}
    m_Modifications:
    - target: {fileID: 4224180780062606, guid: 68b4b50eb9169204c8217659ce32a328, type: 2}
      propertyPath: m_LocalPosition.x
      value: -2.036
      objectReference: {fileID: 0}
    - target: {fileID: 4224180780062606, guid: 68b4b50eb9169204c8217659ce32a328, type: 2}
      propertyPath: m_LocalPosition.y
      value: -0.93
      objectReference: {fileID: 0}
    - target: {fileID: 4224180780062606, guid: 68b4b50eb9169204c8217659ce32a328, type: 2}
      propertyPath: m_LocalPosition.z
      value: -2.106
      objectReference: {fileID: 0}
    - target: {fileID: 4224180780062606, guid: 68b4b50eb9169204c8217659ce32a328, type: 2}
      propertyPath: m_LocalRotation.x
      value: -0
      objectReference: {fileID: 0}
    - target: {fileID: 4224180780062606, guid: 68b4b50eb9169204c8217659ce32a328, type: 2}
      propertyPath: m_LocalRotation.y
      value: -0
      objectReference: {fileID: 0}
    - target: {fileID: 4224180780062606, guid: 68b4b50eb9169204c8217659ce32a328, type: 2}
      propertyPath: m_LocalRotation.z
      value: -0
      objectReference: {fileID: 0}
    - target: {fileID: 4224180780062606, guid: 68b4b50eb9169204c8217659ce32a328, type: 2}
      propertyPath: m_LocalRotation.w
      value: 1
      objectReference: {fileID: 0}
    - target: {fileID: 4224180780062606, guid: 68b4b50eb9169204c8217659ce32a328, type: 2}
      propertyPath: m_RootOrder
      value: 0
      objectReference: {fileID: 0}
    - target: {fileID: 136846262804858452, guid: 68b4b50eb9169204c8217659ce32a328,
        type: 2}
      propertyPath: m_Radius
      value: 0.06
      objectReference: {fileID: 0}
    - target: {fileID: 136846262804858452, guid: 68b4b50eb9169204c8217659ce32a328,
        type: 2}
      propertyPath: m_Height
      value: 0.3
      objectReference: {fileID: 0}
    - target: {fileID: 136846262804858452, guid: 68b4b50eb9169204c8217659ce32a328,
        type: 2}
      propertyPath: m_Center.y
      value: -0.33
      objectReference: {fileID: 0}
    - target: {fileID: 135274993015120716, guid: 68b4b50eb9169204c8217659ce32a328,
        type: 2}
      propertyPath: m_Center.y
      value: -0.18
      objectReference: {fileID: 0}
    - target: {fileID: 135274993015120716, guid: 68b4b50eb9169204c8217659ce32a328,
        type: 2}
      propertyPath: m_Radius
      value: 0.15
      objectReference: {fileID: 0}
    m_RemovedComponents: []
  m_SourcePrefab: {fileID: 100100000, guid: 68b4b50eb9169204c8217659ce32a328, type: 2}
  m_IsPrefabAsset: 0
--- !u!1 &734116874
GameObject:
  m_ObjectHideFlags: 0
  m_CorrespondingSourceObject: {fileID: 0}
  m_PrefabInternal: {fileID: 0}
  serializedVersion: 6
  m_Component:
  - component: {fileID: 734116875}
  - component: {fileID: 734116876}
  m_Layer: 0
  m_Name: Edge (2)
  m_TagString: Untagged
  m_Icon: {fileID: 0}
  m_NavMeshLayer: 0
  m_StaticEditorFlags: 0
  m_IsActive: 1
--- !u!4 &734116875
Transform:
  m_ObjectHideFlags: 0
  m_CorrespondingSourceObject: {fileID: 0}
  m_PrefabInternal: {fileID: 0}
  m_GameObject: {fileID: 734116874}
  m_LocalRotation: {x: -0, y: 1, z: -0, w: 0.0000006556511}
  m_LocalPosition: {x: -1.646, y: 0.403, z: 1.352}
  m_LocalScale: {x: 1.0000001, y: 1, z: 1.0000001}
  m_Children: []
  m_Father: {fileID: 1119561828}
  m_RootOrder: 2
  m_LocalEulerAnglesHint: {x: 0, y: 180.00002, z: 0}
--- !u!65 &734116876
BoxCollider:
  m_ObjectHideFlags: 0
  m_CorrespondingSourceObject: {fileID: 0}
  m_PrefabInternal: {fileID: 0}
  m_GameObject: {fileID: 734116874}
  m_Material: {fileID: 0}
  m_IsTrigger: 0
  m_Enabled: 1
  serializedVersion: 2
  m_Size: {x: 0.15088338, y: 1, z: 2.5047667}
  m_Center: {x: 0.47226977, y: 0, z: 1.2755039}
--- !u!1 &736005160
GameObject:
  m_ObjectHideFlags: 0
  m_CorrespondingSourceObject: {fileID: 0}
  m_PrefabInternal: {fileID: 0}
  serializedVersion: 6
  m_Component:
  - component: {fileID: 736005161}
  - component: {fileID: 736005162}
  m_Layer: 0
  m_Name: Shelf (6)
  m_TagString: Untagged
  m_Icon: {fileID: 0}
  m_NavMeshLayer: 0
  m_StaticEditorFlags: 0
  m_IsActive: 1
--- !u!4 &736005161
Transform:
  m_ObjectHideFlags: 0
  m_CorrespondingSourceObject: {fileID: 0}
  m_PrefabInternal: {fileID: 0}
  m_GameObject: {fileID: 736005160}
  m_LocalRotation: {x: -0, y: -1, z: -0, w: -0.0000017881393}
  m_LocalPosition: {x: -0.384, y: 0.403, z: 1.704}
  m_LocalScale: {x: 1.0000001, y: 1, z: 1.0000001}
  m_Children: []
  m_Father: {fileID: 1119561828}
  m_RootOrder: 12
  m_LocalEulerAnglesHint: {x: 0, y: 540, z: 0}
--- !u!65 &736005162
BoxCollider:
  m_ObjectHideFlags: 0
  m_CorrespondingSourceObject: {fileID: 0}
  m_PrefabInternal: {fileID: 0}
  m_GameObject: {fileID: 736005160}
  m_Material: {fileID: 0}
  m_IsTrigger: 0
  m_Enabled: 1
  serializedVersion: 2
  m_Size: {x: 0.15088381, y: 0.33820653, z: 0.29160836}
  m_Center: {x: 0.47227836, y: -0.09815872, z: 0.16893265}
--- !u!1001 &809555495
Prefab:
  m_ObjectHideFlags: 0
  serializedVersion: 2
  m_Modification:
    m_TransformParent: {fileID: 899415092}
    m_Modifications:
    - target: {fileID: 4095610410776694, guid: 9e43d2d9f9d82614dba5d122f6edf331, type: 2}
      propertyPath: m_LocalPosition.x
      value: 2.3985062
      objectReference: {fileID: 0}
    - target: {fileID: 4095610410776694, guid: 9e43d2d9f9d82614dba5d122f6edf331, type: 2}
      propertyPath: m_LocalPosition.y
      value: 2.085
      objectReference: {fileID: 0}
    - target: {fileID: 4095610410776694, guid: 9e43d2d9f9d82614dba5d122f6edf331, type: 2}
      propertyPath: m_LocalPosition.z
      value: -0.44451842
      objectReference: {fileID: 0}
    - target: {fileID: 4095610410776694, guid: 9e43d2d9f9d82614dba5d122f6edf331, type: 2}
      propertyPath: m_LocalRotation.x
      value: -0
      objectReference: {fileID: 0}
    - target: {fileID: 4095610410776694, guid: 9e43d2d9f9d82614dba5d122f6edf331, type: 2}
      propertyPath: m_LocalRotation.y
      value: 0.7071071
      objectReference: {fileID: 0}
    - target: {fileID: 4095610410776694, guid: 9e43d2d9f9d82614dba5d122f6edf331, type: 2}
      propertyPath: m_LocalRotation.z
      value: -0
      objectReference: {fileID: 0}
    - target: {fileID: 4095610410776694, guid: 9e43d2d9f9d82614dba5d122f6edf331, type: 2}
      propertyPath: m_LocalRotation.w
      value: 0.7071065
      objectReference: {fileID: 0}
    - target: {fileID: 4095610410776694, guid: 9e43d2d9f9d82614dba5d122f6edf331, type: 2}
      propertyPath: m_RootOrder
      value: 2
      objectReference: {fileID: 0}
    - target: {fileID: 4095610410776694, guid: 9e43d2d9f9d82614dba5d122f6edf331, type: 2}
      propertyPath: m_LocalScale.z
      value: 5.4371014
      objectReference: {fileID: 0}
    - target: {fileID: 1359689966267466, guid: 9e43d2d9f9d82614dba5d122f6edf331, type: 2}
      propertyPath: m_Name
      value: GunKillBox (3)
      objectReference: {fileID: 0}
    - target: {fileID: 4095610410776694, guid: 9e43d2d9f9d82614dba5d122f6edf331, type: 2}
      propertyPath: m_LocalEulerAnglesHint.y
      value: 135
      objectReference: {fileID: 0}
    - target: {fileID: 4095610410776694, guid: 9e43d2d9f9d82614dba5d122f6edf331, type: 2}
      propertyPath: m_LocalScale.x
      value: 0.18392166
      objectReference: {fileID: 0}
    - target: {fileID: 4095610410776694, guid: 9e43d2d9f9d82614dba5d122f6edf331, type: 2}
      propertyPath: m_LocalScale.y
      value: 5
      objectReference: {fileID: 0}
    m_RemovedComponents: []
  m_SourcePrefab: {fileID: 100100000, guid: 9e43d2d9f9d82614dba5d122f6edf331, type: 2}
  m_IsPrefabAsset: 0
--- !u!4 &809555496 stripped
Transform:
  m_CorrespondingSourceObject: {fileID: 4095610410776694, guid: 9e43d2d9f9d82614dba5d122f6edf331,
    type: 2}
  m_PrefabInternal: {fileID: 809555495}
--- !u!1001 &840576751
Prefab:
  m_ObjectHideFlags: 0
  serializedVersion: 2
  m_Modification:
    m_TransformParent: {fileID: 0}
    m_Modifications:
    - target: {fileID: 4045886514685838, guid: e9fb38def49adb24ba32c558e0a24b88, type: 2}
      propertyPath: m_LocalPosition.x
      value: -1.8888472
      objectReference: {fileID: 0}
    - target: {fileID: 4045886514685838, guid: e9fb38def49adb24ba32c558e0a24b88, type: 2}
      propertyPath: m_LocalPosition.y
      value: 0.075
      objectReference: {fileID: 0}
    - target: {fileID: 4045886514685838, guid: e9fb38def49adb24ba32c558e0a24b88, type: 2}
      propertyPath: m_LocalPosition.z
      value: 0.15775292
      objectReference: {fileID: 0}
    - target: {fileID: 4045886514685838, guid: e9fb38def49adb24ba32c558e0a24b88, type: 2}
      propertyPath: m_LocalRotation.x
      value: 0
      objectReference: {fileID: 0}
    - target: {fileID: 4045886514685838, guid: e9fb38def49adb24ba32c558e0a24b88, type: 2}
      propertyPath: m_LocalRotation.y
      value: 0
      objectReference: {fileID: 0}
    - target: {fileID: 4045886514685838, guid: e9fb38def49adb24ba32c558e0a24b88, type: 2}
      propertyPath: m_LocalRotation.z
      value: 0
      objectReference: {fileID: 0}
    - target: {fileID: 4045886514685838, guid: e9fb38def49adb24ba32c558e0a24b88, type: 2}
      propertyPath: m_LocalRotation.w
      value: 1
      objectReference: {fileID: 0}
    - target: {fileID: 4045886514685838, guid: e9fb38def49adb24ba32c558e0a24b88, type: 2}
      propertyPath: m_RootOrder
      value: 1
      objectReference: {fileID: 0}
    m_RemovedComponents: []
  m_SourcePrefab: {fileID: 100100000, guid: e9fb38def49adb24ba32c558e0a24b88, type: 2}
  m_IsPrefabAsset: 0
--- !u!1 &873042592
GameObject:
  m_ObjectHideFlags: 0
  m_CorrespondingSourceObject: {fileID: 0}
  m_PrefabInternal: {fileID: 0}
  serializedVersion: 6
  m_Component:
  - component: {fileID: 873042593}
  - component: {fileID: 873042594}
  m_Layer: 0
  m_Name: Shelf (12)
  m_TagString: Untagged
  m_Icon: {fileID: 0}
  m_NavMeshLayer: 0
  m_StaticEditorFlags: 0
  m_IsActive: 1
--- !u!4 &873042593
Transform:
  m_ObjectHideFlags: 0
  m_CorrespondingSourceObject: {fileID: 0}
  m_PrefabInternal: {fileID: 0}
  m_GameObject: {fileID: 873042592}
  m_LocalRotation: {x: -0, y: -0.0000019967554, z: -0, w: 1}
  m_LocalPosition: {x: 0.912, y: 0.403, z: -0.898}
  m_LocalScale: {x: 1.0000005, y: 1, z: 1.0000005}
  m_Children: []
  m_Father: {fileID: 1119561828}
  m_RootOrder: 18
  m_LocalEulerAnglesHint: {x: 0, y: 720, z: 0}
--- !u!65 &873042594
BoxCollider:
  m_ObjectHideFlags: 0
  m_CorrespondingSourceObject: {fileID: 0}
  m_PrefabInternal: {fileID: 0}
  m_GameObject: {fileID: 873042592}
  m_Material: {fileID: 0}
  m_IsTrigger: 0
  m_Enabled: 1
  serializedVersion: 2
  m_Size: {x: 0.15088373, y: 0.33820653, z: 0.32344338}
  m_Center: {x: 0.47228116, y: -0.098160535, z: 0.267012}
--- !u!1 &899415091
GameObject:
  m_ObjectHideFlags: 0
  m_CorrespondingSourceObject: {fileID: 0}
  m_PrefabInternal: {fileID: 0}
  serializedVersion: 6
  m_Component:
  - component: {fileID: 899415092}
  m_Layer: 0
  m_Name: Killboxes
  m_TagString: Untagged
  m_Icon: {fileID: 0}
  m_NavMeshLayer: 0
  m_StaticEditorFlags: 0
  m_IsActive: 1
--- !u!4 &899415092
Transform:
  m_ObjectHideFlags: 0
  m_CorrespondingSourceObject: {fileID: 0}
  m_PrefabInternal: {fileID: 0}
  m_GameObject: {fileID: 899415091}
  m_LocalRotation: {x: -0, y: 0.38268343, z: -0, w: 0.92387956}
  m_LocalPosition: {x: -2.5801, y: -0.092399, z: 1.7203}
  m_LocalScale: {x: 1.208207, y: 1.208207, z: 6.569143}
  m_Children:
  - {fileID: 11895411}
  - {fileID: 1240288520}
  - {fileID: 809555496}
  - {fileID: 104232371}
  - {fileID: 544026528}
  m_Father: {fileID: 0}
  m_RootOrder: 7
  m_LocalEulerAnglesHint: {x: 0, y: 0, z: 0}
--- !u!1001 &954342882
Prefab:
  m_ObjectHideFlags: 0
  serializedVersion: 2
  m_Modification:
    m_TransformParent: {fileID: 0}
    m_Modifications:
    - target: {fileID: 4795343621140548, guid: 30a4e5e5e8c6b30418dedd3cbf92c6d9, type: 2}
      propertyPath: m_LocalPosition.x
      value: -0.9895325
      objectReference: {fileID: 0}
    - target: {fileID: 4795343621140548, guid: 30a4e5e5e8c6b30418dedd3cbf92c6d9, type: 2}
      propertyPath: m_LocalPosition.y
      value: 0.46862793
      objectReference: {fileID: 0}
    - target: {fileID: 4795343621140548, guid: 30a4e5e5e8c6b30418dedd3cbf92c6d9, type: 2}
      propertyPath: m_LocalPosition.z
      value: 0.2536621
      objectReference: {fileID: 0}
    - target: {fileID: 4795343621140548, guid: 30a4e5e5e8c6b30418dedd3cbf92c6d9, type: 2}
      propertyPath: m_LocalRotation.x
      value: 0
      objectReference: {fileID: 0}
    - target: {fileID: 4795343621140548, guid: 30a4e5e5e8c6b30418dedd3cbf92c6d9, type: 2}
      propertyPath: m_LocalRotation.y
      value: 0
      objectReference: {fileID: 0}
    - target: {fileID: 4795343621140548, guid: 30a4e5e5e8c6b30418dedd3cbf92c6d9, type: 2}
      propertyPath: m_LocalRotation.z
      value: 0
      objectReference: {fileID: 0}
    - target: {fileID: 4795343621140548, guid: 30a4e5e5e8c6b30418dedd3cbf92c6d9, type: 2}
      propertyPath: m_LocalRotation.w
      value: 1
      objectReference: {fileID: 0}
    - target: {fileID: 4795343621140548, guid: 30a4e5e5e8c6b30418dedd3cbf92c6d9, type: 2}
      propertyPath: m_RootOrder
      value: 5
      objectReference: {fileID: 0}
    m_RemovedComponents: []
  m_SourcePrefab: {fileID: 100100000, guid: 30a4e5e5e8c6b30418dedd3cbf92c6d9, type: 2}
  m_IsPrefabAsset: 0
--- !u!1 &985819775
GameObject:
  m_ObjectHideFlags: 0
  m_CorrespondingSourceObject: {fileID: 0}
  m_PrefabInternal: {fileID: 0}
  serializedVersion: 6
  m_Component:
  - component: {fileID: 985819776}
  - component: {fileID: 985819777}
  m_Layer: 0
  m_Name: Shelf
  m_TagString: Untagged
  m_Icon: {fileID: 0}
  m_NavMeshLayer: 0
  m_StaticEditorFlags: 0
  m_IsActive: 1
--- !u!4 &985819776
Transform:
  m_ObjectHideFlags: 0
  m_CorrespondingSourceObject: {fileID: 0}
  m_PrefabInternal: {fileID: 0}
  m_GameObject: {fileID: 985819775}
  m_LocalRotation: {x: 0, y: -0.70710605, z: -0, w: -0.7071076}
  m_LocalPosition: {x: 0.475, y: 0.403, z: 2.009}
  m_LocalScale: {x: 1.0000004, y: 1, z: 1.0000004}
  m_Children: []
  m_Father: {fileID: 1119561828}
  m_RootOrder: 6
  m_LocalEulerAnglesHint: {x: 0, y: 450, z: 0}
--- !u!65 &985819777
BoxCollider:
  m_ObjectHideFlags: 0
  m_CorrespondingSourceObject: {fileID: 0}
  m_PrefabInternal: {fileID: 0}
  m_GameObject: {fileID: 985819775}
  m_Material: {fileID: 0}
  m_IsTrigger: 0
  m_Enabled: 1
  serializedVersion: 2
  m_Size: {x: 0.15088381, y: 0.33820653, z: 0.29160836}
  m_Center: {x: 0.47227836, y: -0.09815872, z: 0.16893265}
--- !u!1 &1038551786
GameObject:
  m_ObjectHideFlags: 0
  m_CorrespondingSourceObject: {fileID: 0}
  m_PrefabInternal: {fileID: 0}
  serializedVersion: 6
  m_Component:
  - component: {fileID: 1038551787}
  - component: {fileID: 1038551788}
  m_Layer: 0
  m_Name: Shelf (2)
  m_TagString: Untagged
  m_Icon: {fileID: 0}
  m_NavMeshLayer: 0
  m_StaticEditorFlags: 0
  m_IsActive: 1
--- !u!4 &1038551787
Transform:
  m_ObjectHideFlags: 0
  m_CorrespondingSourceObject: {fileID: 0}
  m_PrefabInternal: {fileID: 0}
  m_GameObject: {fileID: 1038551786}
  m_LocalRotation: {x: 0, y: -0.70710605, z: -0, w: -0.7071076}
  m_LocalPosition: {x: 1.054, y: 0.403, z: 1.294}
  m_LocalScale: {x: 1.0000004, y: 1, z: 1.0000004}
  m_Children: []
  m_Father: {fileID: 1119561828}
  m_RootOrder: 8
  m_LocalEulerAnglesHint: {x: 0, y: 450, z: 0}
--- !u!65 &1038551788
BoxCollider:
  m_ObjectHideFlags: 0
  m_CorrespondingSourceObject: {fileID: 0}
  m_PrefabInternal: {fileID: 0}
  m_GameObject: {fileID: 1038551786}
  m_Material: {fileID: 0}
  m_IsTrigger: 0
  m_Enabled: 1
  serializedVersion: 2
  m_Size: {x: 0.15088381, y: 0.33820653, z: 0.29160836}
  m_Center: {x: 0.47227836, y: -0.09815872, z: 0.16893265}
--- !u!1 &1119561827
GameObject:
  m_ObjectHideFlags: 0
  m_CorrespondingSourceObject: {fileID: 0}
  m_PrefabInternal: {fileID: 0}
  serializedVersion: 6
  m_Component:
  - component: {fileID: 1119561828}
  m_Layer: 0
  m_Name: Collision
  m_TagString: Untagged
  m_Icon: {fileID: 0}
  m_NavMeshLayer: 0
  m_StaticEditorFlags: 0
  m_IsActive: 1
--- !u!4 &1119561828
Transform:
  m_ObjectHideFlags: 0
  m_CorrespondingSourceObject: {fileID: 0}
  m_PrefabInternal: {fileID: 0}
  m_GameObject: {fileID: 1119561827}
  m_LocalRotation: {x: -0, y: 0.9238795, z: -0, w: -0.38268358}
  m_LocalPosition: {x: -0.16, y: -0.08, z: 0.11}
  m_LocalScale: {x: 1, y: 1, z: 1}
  m_Children:
  - {fileID: 32043956}
  - {fileID: 2047672748}
  - {fileID: 734116875}
  - {fileID: 49917881}
  - {fileID: 1711514539}
  - {fileID: 1664501117}
  - {fileID: 985819776}
  - {fileID: 132935261}
  - {fileID: 1038551787}
  - {fileID: 1644651855}
  - {fileID: 1936318282}
  - {fileID: 111641289}
  - {fileID: 736005161}
  - {fileID: 65164210}
  - {fileID: 47115940}
  - {fileID: 2049634261}
  - {fileID: 1632189359}
  - {fileID: 1533757660}
  - {fileID: 873042593}
  m_Father: {fileID: 0}
  m_RootOrder: 8
  m_LocalEulerAnglesHint: {x: 0, y: 0, z: 0}
--- !u!1 &1148062497 stripped
GameObject:
  m_CorrespondingSourceObject: {fileID: 1066807470024424, guid: d296581391660e041bf867115bd4914b,
    type: 2}
  m_PrefabInternal: {fileID: 1881054743}
--- !u!82 &1148062500
AudioSource:
  m_ObjectHideFlags: 0
  m_CorrespondingSourceObject: {fileID: 0}
  m_PrefabInternal: {fileID: 0}
  m_GameObject: {fileID: 1148062497}
  m_Enabled: 1
  serializedVersion: 4
  OutputAudioMixerGroup: {fileID: 0}
  m_audioClip: {fileID: 0}
  m_PlayOnAwake: 1
  m_Volume: 1
  m_Pitch: 0.43
  Loop: 0
  Mute: 0
  Spatialize: 0
  SpatializePostEffects: 0
  Priority: 128
  DopplerLevel: 1
  MinDistance: 1
  MaxDistance: 500
  Pan2D: 0
  rolloffMode: 0
  BypassEffects: 0
  BypassListenerEffects: 0
  BypassReverbZones: 0
  rolloffCustomCurve:
    serializedVersion: 2
    m_Curve:
    - serializedVersion: 3
      time: 0
      value: 1
      inSlope: 0
      outSlope: 0
      tangentMode: 0
      weightedMode: 0
      inWeight: 0.33333334
      outWeight: 0.33333334
    - serializedVersion: 3
      time: 1
      value: 0
      inSlope: 0
      outSlope: 0
      tangentMode: 0
      weightedMode: 0
      inWeight: 0.33333334
      outWeight: 0.33333334
    m_PreInfinity: 2
    m_PostInfinity: 2
    m_RotationOrder: 4
  panLevelCustomCurve:
    serializedVersion: 2
    m_Curve:
    - serializedVersion: 3
      time: 0
      value: 0
      inSlope: 0
      outSlope: 0
      tangentMode: 0
      weightedMode: 0
      inWeight: 0.33333334
      outWeight: 0.33333334
    m_PreInfinity: 2
    m_PostInfinity: 2
    m_RotationOrder: 4
  spreadCustomCurve:
    serializedVersion: 2
    m_Curve:
    - serializedVersion: 3
      time: 0
      value: 0
      inSlope: 0
      outSlope: 0
      tangentMode: 0
      weightedMode: 0
      inWeight: 0.33333334
      outWeight: 0.33333334
    m_PreInfinity: 2
    m_PostInfinity: 2
    m_RotationOrder: 4
  reverbZoneMixCustomCurve:
    serializedVersion: 2
    m_Curve:
    - serializedVersion: 3
      time: 0
      value: 1
      inSlope: 0
      outSlope: 0
      tangentMode: 0
      weightedMode: 0
      inWeight: 0.33333334
      outWeight: 0.33333334
    m_PreInfinity: 2
    m_PostInfinity: 2
    m_RotationOrder: 4
--- !u!1 &1191421650
GameObject:
  m_ObjectHideFlags: 0
  m_CorrespondingSourceObject: {fileID: 0}
  m_PrefabInternal: {fileID: 0}
  serializedVersion: 6
  m_Component:
  - component: {fileID: 1191421651}
  m_Layer: 0
  m_Name: Players
  m_TagString: Untagged
  m_Icon: {fileID: 0}
  m_NavMeshLayer: 0
  m_StaticEditorFlags: 0
  m_IsActive: 1
--- !u!4 &1191421651
Transform:
  m_ObjectHideFlags: 0
  m_CorrespondingSourceObject: {fileID: 0}
  m_PrefabInternal: {fileID: 0}
  m_GameObject: {fileID: 1191421650}
  m_LocalRotation: {x: 0, y: 0, z: 0, w: 1}
  m_LocalPosition: {x: -0.3922, y: 1.575, z: 1.8565}
  m_LocalScale: {x: 1, y: 1, z: 1}
  m_Children:
  - {fileID: 2064305071}
  - {fileID: 1252980380}
  - {fileID: 1961869798}
  - {fileID: 2015827546}
  m_Father: {fileID: 0}
  m_RootOrder: 6
  m_LocalEulerAnglesHint: {x: 0, y: 0, z: 0}
--- !u!1001 &1240288519
Prefab:
  m_ObjectHideFlags: 0
  serializedVersion: 2
  m_Modification:
    m_TransformParent: {fileID: 899415092}
    m_Modifications:
    - target: {fileID: 4095610410776694, guid: 9e43d2d9f9d82614dba5d122f6edf331, type: 2}
      propertyPath: m_LocalPosition.x
      value: 2.4550745
      objectReference: {fileID: 0}
    - target: {fileID: 4095610410776694, guid: 9e43d2d9f9d82614dba5d122f6edf331, type: 2}
      propertyPath: m_LocalPosition.y
      value: 2.085
      objectReference: {fileID: 0}
    - target: {fileID: 4095610410776694, guid: 9e43d2d9f9d82614dba5d122f6edf331, type: 2}
      propertyPath: m_LocalPosition.z
      value: 0.42162922
      objectReference: {fileID: 0}
    - target: {fileID: 4095610410776694, guid: 9e43d2d9f9d82614dba5d122f6edf331, type: 2}
      propertyPath: m_LocalRotation.x
      value: -0
      objectReference: {fileID: 0}
    - target: {fileID: 4095610410776694, guid: 9e43d2d9f9d82614dba5d122f6edf331, type: 2}
      propertyPath: m_LocalRotation.y
      value: 0.7071071
      objectReference: {fileID: 0}
    - target: {fileID: 4095610410776694, guid: 9e43d2d9f9d82614dba5d122f6edf331, type: 2}
      propertyPath: m_LocalRotation.z
      value: -0
      objectReference: {fileID: 0}
    - target: {fileID: 4095610410776694, guid: 9e43d2d9f9d82614dba5d122f6edf331, type: 2}
      propertyPath: m_LocalRotation.w
      value: 0.7071065
      objectReference: {fileID: 0}
    - target: {fileID: 4095610410776694, guid: 9e43d2d9f9d82614dba5d122f6edf331, type: 2}
      propertyPath: m_RootOrder
      value: 1
      objectReference: {fileID: 0}
    - target: {fileID: 4095610410776694, guid: 9e43d2d9f9d82614dba5d122f6edf331, type: 2}
      propertyPath: m_LocalScale.z
      value: 5.4371014
      objectReference: {fileID: 0}
    - target: {fileID: 1359689966267466, guid: 9e43d2d9f9d82614dba5d122f6edf331, type: 2}
      propertyPath: m_Name
      value: GunKillBox (2)
      objectReference: {fileID: 0}
    - target: {fileID: 4095610410776694, guid: 9e43d2d9f9d82614dba5d122f6edf331, type: 2}
      propertyPath: m_LocalEulerAnglesHint.y
      value: 135
      objectReference: {fileID: 0}
    - target: {fileID: 4095610410776694, guid: 9e43d2d9f9d82614dba5d122f6edf331, type: 2}
      propertyPath: m_LocalScale.x
      value: 0.18392166
      objectReference: {fileID: 0}
    - target: {fileID: 4095610410776694, guid: 9e43d2d9f9d82614dba5d122f6edf331, type: 2}
      propertyPath: m_LocalScale.y
      value: 5
      objectReference: {fileID: 0}
    m_RemovedComponents: []
  m_SourcePrefab: {fileID: 100100000, guid: 9e43d2d9f9d82614dba5d122f6edf331, type: 2}
  m_IsPrefabAsset: 0
--- !u!4 &1240288520 stripped
Transform:
  m_CorrespondingSourceObject: {fileID: 4095610410776694, guid: 9e43d2d9f9d82614dba5d122f6edf331,
    type: 2}
  m_PrefabInternal: {fileID: 1240288519}
--- !u!1001 &1252980379
Prefab:
  m_ObjectHideFlags: 0
  serializedVersion: 2
  m_Modification:
    m_TransformParent: {fileID: 1191421651}
    m_Modifications:
    - target: {fileID: 4256703583176462, guid: 9bee3496f97960347b168cada6ee1a4c, type: 2}
      propertyPath: m_LocalPosition.x
      value: -0.115
      objectReference: {fileID: 0}
    - target: {fileID: 4256703583176462, guid: 9bee3496f97960347b168cada6ee1a4c, type: 2}
      propertyPath: m_LocalPosition.y
      value: -0.93
      objectReference: {fileID: 0}
    - target: {fileID: 4256703583176462, guid: 9bee3496f97960347b168cada6ee1a4c, type: 2}
      propertyPath: m_LocalPosition.z
      value: -2.949
      objectReference: {fileID: 0}
    - target: {fileID: 4256703583176462, guid: 9bee3496f97960347b168cada6ee1a4c, type: 2}
      propertyPath: m_LocalRotation.x
      value: -0
      objectReference: {fileID: 0}
    - target: {fileID: 4256703583176462, guid: 9bee3496f97960347b168cada6ee1a4c, type: 2}
      propertyPath: m_LocalRotation.y
      value: -0
      objectReference: {fileID: 0}
    - target: {fileID: 4256703583176462, guid: 9bee3496f97960347b168cada6ee1a4c, type: 2}
      propertyPath: m_LocalRotation.z
      value: -0
      objectReference: {fileID: 0}
    - target: {fileID: 4256703583176462, guid: 9bee3496f97960347b168cada6ee1a4c, type: 2}
      propertyPath: m_LocalRotation.w
      value: 1
      objectReference: {fileID: 0}
    - target: {fileID: 4256703583176462, guid: 9bee3496f97960347b168cada6ee1a4c, type: 2}
      propertyPath: m_RootOrder
      value: 1
      objectReference: {fileID: 0}
    m_RemovedComponents: []
  m_SourcePrefab: {fileID: 100100000, guid: 9bee3496f97960347b168cada6ee1a4c, type: 2}
  m_IsPrefabAsset: 0
--- !u!4 &1252980380 stripped
Transform:
  m_CorrespondingSourceObject: {fileID: 4256703583176462, guid: 9bee3496f97960347b168cada6ee1a4c,
    type: 2}
  m_PrefabInternal: {fileID: 1252980379}
--- !u!1 &1277523841 stripped
GameObject:
  m_CorrespondingSourceObject: {fileID: 1894650758000978, guid: 3400f51725b00eb4cae73659a98f8098,
    type: 2}
  m_PrefabInternal: {fileID: 1417634253}
--- !u!65 &1277523844
BoxCollider:
  m_ObjectHideFlags: 0
  m_CorrespondingSourceObject: {fileID: 0}
  m_PrefabInternal: {fileID: 0}
  m_GameObject: {fileID: 1277523841}
  m_Material: {fileID: 0}
  m_IsTrigger: 0
  m_Enabled: 1
  serializedVersion: 2
  m_Size: {x: 0.012950533, y: 0.011176586, z: 0.12718576}
  m_Center: {x: -0.00005533779, y: 0.005765253, z: -0.06318684}
--- !u!1001 &1324673939
Prefab:
  m_ObjectHideFlags: 0
  serializedVersion: 2
  m_Modification:
    m_TransformParent: {fileID: 0}
    m_Modifications:
    - target: {fileID: 4437597831310520, guid: de4ddcc12df28ff4f9441f4ac4302932, type: 2}
      propertyPath: m_LocalPosition.x
      value: -4.2218304
      objectReference: {fileID: 0}
    - target: {fileID: 4437597831310520, guid: de4ddcc12df28ff4f9441f4ac4302932, type: 2}
      propertyPath: m_LocalPosition.y
      value: -9.943255
      objectReference: {fileID: 0}
    - target: {fileID: 4437597831310520, guid: de4ddcc12df28ff4f9441f4ac4302932, type: 2}
      propertyPath: m_LocalPosition.z
      value: 13.327015
      objectReference: {fileID: 0}
    - target: {fileID: 4437597831310520, guid: de4ddcc12df28ff4f9441f4ac4302932, type: 2}
      propertyPath: m_LocalRotation.x
      value: 0
      objectReference: {fileID: 0}
    - target: {fileID: 4437597831310520, guid: de4ddcc12df28ff4f9441f4ac4302932, type: 2}
      propertyPath: m_LocalRotation.y
      value: 0
      objectReference: {fileID: 0}
    - target: {fileID: 4437597831310520, guid: de4ddcc12df28ff4f9441f4ac4302932, type: 2}
      propertyPath: m_LocalRotation.z
      value: 0
      objectReference: {fileID: 0}
    - target: {fileID: 4437597831310520, guid: de4ddcc12df28ff4f9441f4ac4302932, type: 2}
      propertyPath: m_LocalRotation.w
      value: 1
      objectReference: {fileID: 0}
    - target: {fileID: 4437597831310520, guid: de4ddcc12df28ff4f9441f4ac4302932, type: 2}
      propertyPath: m_RootOrder
      value: 4
      objectReference: {fileID: 0}
    m_RemovedComponents: []
  m_SourcePrefab: {fileID: 100100000, guid: de4ddcc12df28ff4f9441f4ac4302932, type: 2}
  m_IsPrefabAsset: 0
--- !u!1001 &1417634253
Prefab:
  m_ObjectHideFlags: 0
  serializedVersion: 2
  m_Modification:
    m_TransformParent: {fileID: 0}
    m_Modifications:
    - target: {fileID: 4050825270719538, guid: 3400f51725b00eb4cae73659a98f8098, type: 2}
      propertyPath: m_LocalPosition.x
      value: -0.16
      objectReference: {fileID: 0}
    - target: {fileID: 4050825270719538, guid: 3400f51725b00eb4cae73659a98f8098, type: 2}
      propertyPath: m_LocalPosition.y
      value: -0.08
      objectReference: {fileID: 0}
    - target: {fileID: 4050825270719538, guid: 3400f51725b00eb4cae73659a98f8098, type: 2}
      propertyPath: m_LocalPosition.z
      value: 0.11
      objectReference: {fileID: 0}
    - target: {fileID: 4050825270719538, guid: 3400f51725b00eb4cae73659a98f8098, type: 2}
      propertyPath: m_LocalRotation.x
      value: -0
      objectReference: {fileID: 0}
    - target: {fileID: 4050825270719538, guid: 3400f51725b00eb4cae73659a98f8098, type: 2}
      propertyPath: m_LocalRotation.y
      value: 0.9238795
      objectReference: {fileID: 0}
    - target: {fileID: 4050825270719538, guid: 3400f51725b00eb4cae73659a98f8098, type: 2}
      propertyPath: m_LocalRotation.z
      value: -0
      objectReference: {fileID: 0}
    - target: {fileID: 4050825270719538, guid: 3400f51725b00eb4cae73659a98f8098, type: 2}
      propertyPath: m_LocalRotation.w
      value: -0.38268358
      objectReference: {fileID: 0}
    - target: {fileID: 4050825270719538, guid: 3400f51725b00eb4cae73659a98f8098, type: 2}
      propertyPath: m_RootOrder
      value: 0
      objectReference: {fileID: 0}
    - target: {fileID: 4050825270719538, guid: 3400f51725b00eb4cae73659a98f8098, type: 2}
      propertyPath: m_LocalEulerAnglesHint.y
      value: 225
      objectReference: {fileID: 0}
    m_RemovedComponents: []
  m_SourcePrefab: {fileID: 100100000, guid: 3400f51725b00eb4cae73659a98f8098, type: 2}
  m_IsPrefabAsset: 0
--- !u!1 &1533757659
GameObject:
  m_ObjectHideFlags: 0
  m_CorrespondingSourceObject: {fileID: 0}
  m_PrefabInternal: {fileID: 0}
  serializedVersion: 6
  m_Component:
  - component: {fileID: 1533757660}
  - component: {fileID: 1533757661}
  m_Layer: 0
  m_Name: Shelf (11)
  m_TagString: Untagged
  m_Icon: {fileID: 0}
  m_NavMeshLayer: 0
  m_StaticEditorFlags: 0
  m_IsActive: 1
--- !u!4 &1533757660
Transform:
  m_ObjectHideFlags: 0
  m_CorrespondingSourceObject: {fileID: 0}
  m_PrefabInternal: {fileID: 0}
  m_GameObject: {fileID: 1533757659}
  m_LocalRotation: {x: -0, y: -0.0000019967554, z: -0, w: 1}
  m_LocalPosition: {x: 0.345, y: 0.403, z: -0.898}
  m_LocalScale: {x: 1.0000005, y: 1, z: 1.0000005}
  m_Children: []
  m_Father: {fileID: 1119561828}
  m_RootOrder: 17
  m_LocalEulerAnglesHint: {x: 0, y: 720, z: 0}
--- !u!65 &1533757661
BoxCollider:
  m_ObjectHideFlags: 0
  m_CorrespondingSourceObject: {fileID: 0}
  m_PrefabInternal: {fileID: 0}
  m_GameObject: {fileID: 1533757659}
  m_Material: {fileID: 0}
  m_IsTrigger: 0
  m_Enabled: 1
  serializedVersion: 2
  m_Size: {x: 0.15088373, y: 0.33820653, z: 0.32344338}
  m_Center: {x: 0.47228116, y: -0.098160535, z: 0.267012}
--- !u!1 &1563706136
GameObject:
  m_ObjectHideFlags: 0
  m_CorrespondingSourceObject: {fileID: 0}
  m_PrefabInternal: {fileID: 0}
  serializedVersion: 6
  m_Component:
  - component: {fileID: 1563706137}
  m_Layer: 0
  m_Name: GameObject
  m_TagString: Untagged
  m_Icon: {fileID: 0}
  m_NavMeshLayer: 0
  m_StaticEditorFlags: 0
  m_IsActive: 1
--- !u!4 &1563706137
Transform:
  m_ObjectHideFlags: 0
  m_CorrespondingSourceObject: {fileID: 0}
  m_PrefabInternal: {fileID: 0}
  m_GameObject: {fileID: 1563706136}
  m_LocalRotation: {x: 0, y: 0, z: 0, w: 1}
  m_LocalPosition: {x: -1.3237889, y: 0.2938221, z: 2.795483}
  m_LocalScale: {x: 1, y: 1, z: 1}
  m_Children: []
  m_Father: {fileID: 0}
  m_RootOrder: 10
  m_LocalEulerAnglesHint: {x: 0, y: 0, z: 0}
--- !u!1 &1632189358
GameObject:
  m_ObjectHideFlags: 0
  m_CorrespondingSourceObject: {fileID: 0}
  m_PrefabInternal: {fileID: 0}
  serializedVersion: 6
  m_Component:
  - component: {fileID: 1632189359}
  - component: {fileID: 1632189360}
  m_Layer: 0
  m_Name: Shelf (10)
  m_TagString: Untagged
  m_Icon: {fileID: 0}
  m_NavMeshLayer: 0
  m_StaticEditorFlags: 0
  m_IsActive: 1
--- !u!4 &1632189359
Transform:
  m_ObjectHideFlags: 0
  m_CorrespondingSourceObject: {fileID: 0}
  m_PrefabInternal: {fileID: 0}
  m_GameObject: {fileID: 1632189358}
  m_LocalRotation: {x: -0, y: -0.0000019967554, z: -0, w: 1}
  m_LocalPosition: {x: -1.365, y: 0.403, z: -0.841}
  m_LocalScale: {x: 0.99999994, y: 1, z: 0.99999994}
  m_Children: []
  m_Father: {fileID: 1119561828}
  m_RootOrder: 16
  m_LocalEulerAnglesHint: {x: 0, y: 720, z: 0}
--- !u!65 &1632189360
BoxCollider:
  m_ObjectHideFlags: 0
  m_CorrespondingSourceObject: {fileID: 0}
  m_PrefabInternal: {fileID: 0}
  m_GameObject: {fileID: 1632189358}
  m_Material: {fileID: 0}
  m_IsTrigger: 0
  m_Enabled: 1
  serializedVersion: 2
  m_Size: {x: 0.1121684, y: 0.33820653, z: 0.27902603}
  m_Center: {x: 0.477491, y: -0.098160535, z: 0.28922078}
--- !u!1 &1644651854
GameObject:
  m_ObjectHideFlags: 0
  m_CorrespondingSourceObject: {fileID: 0}
  m_PrefabInternal: {fileID: 0}
  serializedVersion: 6
  m_Component:
  - component: {fileID: 1644651855}
  - component: {fileID: 1644651856}
  m_Layer: 0
  m_Name: Shelf (3)
  m_TagString: Untagged
  m_Icon: {fileID: 0}
  m_NavMeshLayer: 0
  m_StaticEditorFlags: 0
  m_IsActive: 1
--- !u!4 &1644651855
Transform:
  m_ObjectHideFlags: 0
  m_CorrespondingSourceObject: {fileID: 0}
  m_PrefabInternal: {fileID: 0}
  m_GameObject: {fileID: 1644651854}
  m_LocalRotation: {x: 0, y: -0.70710605, z: -0, w: -0.7071076}
  m_LocalPosition: {x: 0.464, y: 0.403, z: 1.285}
  m_LocalScale: {x: 1.0000004, y: 1, z: 1.0000004}
  m_Children: []
  m_Father: {fileID: 1119561828}
  m_RootOrder: 9
  m_LocalEulerAnglesHint: {x: 0, y: 450, z: 0}
--- !u!65 &1644651856
BoxCollider:
  m_ObjectHideFlags: 0
  m_CorrespondingSourceObject: {fileID: 0}
  m_PrefabInternal: {fileID: 0}
  m_GameObject: {fileID: 1644651854}
  m_Material: {fileID: 0}
  m_IsTrigger: 0
  m_Enabled: 1
  serializedVersion: 2
  m_Size: {x: 0.15088381, y: 0.33820653, z: 0.29160836}
  m_Center: {x: 0.47227836, y: -0.09815872, z: 0.16893265}
--- !u!1 &1664501116
GameObject:
  m_ObjectHideFlags: 0
  m_CorrespondingSourceObject: {fileID: 0}
  m_PrefabInternal: {fileID: 0}
  serializedVersion: 6
  m_Component:
  - component: {fileID: 1664501117}
  - component: {fileID: 1664501118}
  m_Layer: 0
  m_Name: Edge (5)
  m_TagString: Untagged
  m_Icon: {fileID: 0}
  m_NavMeshLayer: 0
  m_StaticEditorFlags: 0
  m_IsActive: 1
--- !u!4 &1664501117
Transform:
  m_ObjectHideFlags: 0
  m_CorrespondingSourceObject: {fileID: 0}
  m_PrefabInternal: {fileID: 0}
  m_GameObject: {fileID: 1664501116}
  m_LocalRotation: {x: 0, y: -0.70710605, z: -0, w: -0.7071076}
  m_LocalPosition: {x: -1.235, y: 0.403, z: 2.818}
  m_LocalScale: {x: 1.0000005, y: 1, z: 1.0000005}
  m_Children: []
  m_Father: {fileID: 1119561828}
  m_RootOrder: 5
  m_LocalEulerAnglesHint: {x: 0, y: 450, z: 0}
--- !u!65 &1664501118
BoxCollider:
  m_ObjectHideFlags: 0
  m_CorrespondingSourceObject: {fileID: 0}
  m_PrefabInternal: {fileID: 0}
  m_GameObject: {fileID: 1664501116}
  m_Material: {fileID: 0}
  m_IsTrigger: 0
  m_Enabled: 1
  serializedVersion: 2
  m_Size: {x: 0.15088345, y: 1, z: 3.669891}
  m_Center: {x: 0.4722709, y: 0, z: 1.8580685}
--- !u!1001 &1692148678
Prefab:
  m_ObjectHideFlags: 0
  serializedVersion: 2
  m_Modification:
    m_TransformParent: {fileID: 0}
    m_Modifications:
    - target: {fileID: 224090681429981734, guid: f7dc6384df833d540adecf5d7946e032,
        type: 2}
      propertyPath: m_LocalPosition.x
      value: 0
      objectReference: {fileID: 0}
    - target: {fileID: 224090681429981734, guid: f7dc6384df833d540adecf5d7946e032,
        type: 2}
      propertyPath: m_LocalPosition.y
      value: 0
      objectReference: {fileID: 0}
    - target: {fileID: 224090681429981734, guid: f7dc6384df833d540adecf5d7946e032,
        type: 2}
      propertyPath: m_LocalPosition.z
      value: 0
      objectReference: {fileID: 0}
    - target: {fileID: 224090681429981734, guid: f7dc6384df833d540adecf5d7946e032,
        type: 2}
      propertyPath: m_LocalRotation.x
      value: 0
      objectReference: {fileID: 0}
    - target: {fileID: 224090681429981734, guid: f7dc6384df833d540adecf5d7946e032,
        type: 2}
      propertyPath: m_LocalRotation.y
      value: 0
      objectReference: {fileID: 0}
    - target: {fileID: 224090681429981734, guid: f7dc6384df833d540adecf5d7946e032,
        type: 2}
      propertyPath: m_LocalRotation.z
      value: 0
      objectReference: {fileID: 0}
    - target: {fileID: 224090681429981734, guid: f7dc6384df833d540adecf5d7946e032,
        type: 2}
      propertyPath: m_LocalRotation.w
      value: 1
      objectReference: {fileID: 0}
    - target: {fileID: 224090681429981734, guid: f7dc6384df833d540adecf5d7946e032,
        type: 2}
      propertyPath: m_RootOrder
      value: 3
      objectReference: {fileID: 0}
    - target: {fileID: 224090681429981734, guid: f7dc6384df833d540adecf5d7946e032,
        type: 2}
      propertyPath: m_AnchoredPosition.x
      value: 0
      objectReference: {fileID: 0}
    - target: {fileID: 224090681429981734, guid: f7dc6384df833d540adecf5d7946e032,
        type: 2}
      propertyPath: m_AnchoredPosition.y
      value: 0
      objectReference: {fileID: 0}
    - target: {fileID: 224090681429981734, guid: f7dc6384df833d540adecf5d7946e032,
        type: 2}
      propertyPath: m_SizeDelta.x
      value: 0
      objectReference: {fileID: 0}
    - target: {fileID: 224090681429981734, guid: f7dc6384df833d540adecf5d7946e032,
        type: 2}
      propertyPath: m_SizeDelta.y
      value: 0
      objectReference: {fileID: 0}
    - target: {fileID: 224090681429981734, guid: f7dc6384df833d540adecf5d7946e032,
        type: 2}
      propertyPath: m_AnchorMin.x
      value: 0
      objectReference: {fileID: 0}
    - target: {fileID: 224090681429981734, guid: f7dc6384df833d540adecf5d7946e032,
        type: 2}
      propertyPath: m_AnchorMin.y
      value: 0
      objectReference: {fileID: 0}
    - target: {fileID: 224090681429981734, guid: f7dc6384df833d540adecf5d7946e032,
        type: 2}
      propertyPath: m_AnchorMax.x
      value: 0
      objectReference: {fileID: 0}
    - target: {fileID: 224090681429981734, guid: f7dc6384df833d540adecf5d7946e032,
        type: 2}
      propertyPath: m_AnchorMax.y
      value: 0
      objectReference: {fileID: 0}
    - target: {fileID: 224090681429981734, guid: f7dc6384df833d540adecf5d7946e032,
        type: 2}
      propertyPath: m_Pivot.x
      value: 0
      objectReference: {fileID: 0}
    - target: {fileID: 224090681429981734, guid: f7dc6384df833d540adecf5d7946e032,
        type: 2}
      propertyPath: m_Pivot.y
      value: 0
      objectReference: {fileID: 0}
    - target: {fileID: 224241087851048134, guid: f7dc6384df833d540adecf5d7946e032,
        type: 2}
      propertyPath: m_LocalScale.x
      value: -1
      objectReference: {fileID: 0}
    - target: {fileID: 224241087851048134, guid: f7dc6384df833d540adecf5d7946e032,
        type: 2}
      propertyPath: m_AnchoredPosition.x
      value: 903
      objectReference: {fileID: 0}
    - target: {fileID: 224346812983132458, guid: f7dc6384df833d540adecf5d7946e032,
        type: 2}
      propertyPath: m_AnchoredPosition.x
      value: 724.50024
      objectReference: {fileID: 0}
    - target: {fileID: 224020958617403426, guid: f7dc6384df833d540adecf5d7946e032,
        type: 2}
      propertyPath: m_LocalScale.x
      value: -1
      objectReference: {fileID: 0}
    - target: {fileID: 224020958617403426, guid: f7dc6384df833d540adecf5d7946e032,
        type: 2}
      propertyPath: m_AnchoredPosition.x
      value: 899.09985
      objectReference: {fileID: 0}
    - target: {fileID: 224350166596258534, guid: f7dc6384df833d540adecf5d7946e032,
        type: 2}
      propertyPath: m_AnchoredPosition.x
      value: 721
      objectReference: {fileID: 0}
    m_RemovedComponents: []
  m_SourcePrefab: {fileID: 100100000, guid: f7dc6384df833d540adecf5d7946e032, type: 2}
  m_IsPrefabAsset: 0
--- !u!1 &1711514538
GameObject:
  m_ObjectHideFlags: 0
  m_CorrespondingSourceObject: {fileID: 0}
  m_PrefabInternal: {fileID: 0}
  serializedVersion: 6
  m_Component:
  - component: {fileID: 1711514539}
  - component: {fileID: 1711514540}
  m_Layer: 0
  m_Name: Edge (4)
  m_TagString: Untagged
  m_Icon: {fileID: 0}
  m_NavMeshLayer: 0
  m_StaticEditorFlags: 0
  m_IsActive: 1
--- !u!4 &1711514539
Transform:
  m_ObjectHideFlags: 0
  m_CorrespondingSourceObject: {fileID: 0}
  m_PrefabInternal: {fileID: 0}
  m_GameObject: {fileID: 1711514538}
  m_LocalRotation: {x: 0, y: 0.0000007748604, z: -0, w: -1}
  m_LocalPosition: {x: -1.777, y: 0.403, z: 1.3}
  m_LocalScale: {x: 1.0000007, y: 1, z: 1.0000007}
  m_Children: []
  m_Father: {fileID: 1119561828}
  m_RootOrder: 4
  m_LocalEulerAnglesHint: {x: 0, y: 360, z: 0}
--- !u!65 &1711514540
BoxCollider:
  m_ObjectHideFlags: 0
  m_CorrespondingSourceObject: {fileID: 0}
  m_PrefabInternal: {fileID: 0}
  m_GameObject: {fileID: 1711514538}
  m_Material: {fileID: 0}
  m_IsTrigger: 0
  m_Enabled: 1
  serializedVersion: 2
  m_Size: {x: 0.15088338, y: 1, z: 2.5047667}
  m_Center: {x: 0.47226977, y: 0, z: 1.2755039}
--- !u!1 &1739219604 stripped
GameObject:
  m_CorrespondingSourceObject: {fileID: 1841014153831116, guid: 3400f51725b00eb4cae73659a98f8098,
    type: 2}
  m_PrefabInternal: {fileID: 1417634253}
--- !u!65 &1739219607
BoxCollider:
  m_ObjectHideFlags: 0
  m_CorrespondingSourceObject: {fileID: 0}
  m_PrefabInternal: {fileID: 0}
  m_GameObject: {fileID: 1739219604}
  m_Material: {fileID: 0}
  m_IsTrigger: 0
  m_Enabled: 1
  serializedVersion: 2
  m_Size: {x: 0.014333776, y: 0.05634556, z: 0.2876645}
  m_Center: {x: -0.007156001, y: 0.029709626, z: -0.049659282}
--- !u!1001 &1881054743
Prefab:
  m_ObjectHideFlags: 0
  serializedVersion: 2
  m_Modification:
    m_TransformParent: {fileID: 0}
    m_Modifications:
    - target: {fileID: 4642670137721306, guid: d296581391660e041bf867115bd4914b, type: 2}
      propertyPath: m_LocalPosition.x
      value: -0.6965332
      objectReference: {fileID: 0}
    - target: {fileID: 4642670137721306, guid: d296581391660e041bf867115bd4914b, type: 2}
      propertyPath: m_LocalPosition.y
      value: 0.72143555
      objectReference: {fileID: 0}
    - target: {fileID: 4642670137721306, guid: d296581391660e041bf867115bd4914b, type: 2}
      propertyPath: m_LocalPosition.z
      value: -0.65185547
      objectReference: {fileID: 0}
    - target: {fileID: 4642670137721306, guid: d296581391660e041bf867115bd4914b, type: 2}
      propertyPath: m_LocalRotation.x
      value: 0
      objectReference: {fileID: 0}
    - target: {fileID: 4642670137721306, guid: d296581391660e041bf867115bd4914b, type: 2}
      propertyPath: m_LocalRotation.y
      value: 0
      objectReference: {fileID: 0}
    - target: {fileID: 4642670137721306, guid: d296581391660e041bf867115bd4914b, type: 2}
      propertyPath: m_LocalRotation.z
      value: 0
      objectReference: {fileID: 0}
    - target: {fileID: 4642670137721306, guid: d296581391660e041bf867115bd4914b, type: 2}
      propertyPath: m_LocalRotation.w
      value: 1
      objectReference: {fileID: 0}
    - target: {fileID: 4642670137721306, guid: d296581391660e041bf867115bd4914b, type: 2}
      propertyPath: m_RootOrder
      value: 9
      objectReference: {fileID: 0}
    - target: {fileID: 114451794472393906, guid: d296581391660e041bf867115bd4914b,
        type: 2}
      propertyPath: GameMusic
      value: 
      objectReference: {fileID: 8300000, guid: e689446525933b54bb60ae2847a12a7f, type: 3}
    m_RemovedComponents: []
  m_SourcePrefab: {fileID: 100100000, guid: d296581391660e041bf867115bd4914b, type: 2}
  m_IsPrefabAsset: 0
--- !u!1 &1936318281
GameObject:
  m_ObjectHideFlags: 0
  m_CorrespondingSourceObject: {fileID: 0}
  m_PrefabInternal: {fileID: 0}
  serializedVersion: 6
  m_Component:
  - component: {fileID: 1936318282}
  - component: {fileID: 1936318283}
  m_Layer: 0
  m_Name: Shelf (4)
  m_TagString: Untagged
  m_Icon: {fileID: 0}
  m_NavMeshLayer: 0
  m_StaticEditorFlags: 0
  m_IsActive: 1
--- !u!4 &1936318282
Transform:
  m_ObjectHideFlags: 0
  m_CorrespondingSourceObject: {fileID: 0}
  m_PrefabInternal: {fileID: 0}
  m_GameObject: {fileID: 1936318281}
  m_LocalRotation: {x: -0, y: -1, z: -0, w: -0.0000017881393}
  m_LocalPosition: {x: 0.051, y: 0.403, z: 0.987}
  m_LocalScale: {x: 1.0000004, y: 1, z: 1.0000004}
  m_Children: []
  m_Father: {fileID: 1119561828}
  m_RootOrder: 10
  m_LocalEulerAnglesHint: {x: 0, y: 540, z: 0}
--- !u!65 &1936318283
BoxCollider:
  m_ObjectHideFlags: 0
  m_CorrespondingSourceObject: {fileID: 0}
  m_PrefabInternal: {fileID: 0}
  m_GameObject: {fileID: 1936318281}
  m_Material: {fileID: 0}
  m_IsTrigger: 0
  m_Enabled: 1
  serializedVersion: 2
  m_Size: {x: 0.15088381, y: 0.33820653, z: 0.29160836}
  m_Center: {x: 0.47227836, y: -0.09815872, z: 0.16893265}
--- !u!1001 &1961869797
Prefab:
  m_ObjectHideFlags: 0
  serializedVersion: 2
  m_Modification:
    m_TransformParent: {fileID: 1191421651}
    m_Modifications:
    - target: {fileID: 4837957155055950, guid: d79345db833aaf34a936aa76371f0004, type: 2}
      propertyPath: m_LocalPosition.x
      value: 0.083
      objectReference: {fileID: 0}
    - target: {fileID: 4837957155055950, guid: d79345db833aaf34a936aa76371f0004, type: 2}
      propertyPath: m_LocalPosition.y
      value: -0.93
      objectReference: {fileID: 0}
    - target: {fileID: 4837957155055950, guid: d79345db833aaf34a936aa76371f0004, type: 2}
      propertyPath: m_LocalPosition.z
      value: -0.243
      objectReference: {fileID: 0}
    - target: {fileID: 4837957155055950, guid: d79345db833aaf34a936aa76371f0004, type: 2}
      propertyPath: m_LocalRotation.x
      value: -0
      objectReference: {fileID: 0}
    - target: {fileID: 4837957155055950, guid: d79345db833aaf34a936aa76371f0004, type: 2}
      propertyPath: m_LocalRotation.y
      value: -0
      objectReference: {fileID: 0}
    - target: {fileID: 4837957155055950, guid: d79345db833aaf34a936aa76371f0004, type: 2}
      propertyPath: m_LocalRotation.z
      value: -0
      objectReference: {fileID: 0}
    - target: {fileID: 4837957155055950, guid: d79345db833aaf34a936aa76371f0004, type: 2}
      propertyPath: m_LocalRotation.w
      value: 1
      objectReference: {fileID: 0}
    - target: {fileID: 4837957155055950, guid: d79345db833aaf34a936aa76371f0004, type: 2}
      propertyPath: m_RootOrder
      value: 2
      objectReference: {fileID: 0}
    m_RemovedComponents: []
  m_SourcePrefab: {fileID: 100100000, guid: d79345db833aaf34a936aa76371f0004, type: 2}
  m_IsPrefabAsset: 0
--- !u!4 &1961869798 stripped
Transform:
  m_CorrespondingSourceObject: {fileID: 4837957155055950, guid: d79345db833aaf34a936aa76371f0004,
    type: 2}
  m_PrefabInternal: {fileID: 1961869797}
--- !u!1 &1965447429 stripped
GameObject:
  m_CorrespondingSourceObject: {fileID: 1941197108390332, guid: 3400f51725b00eb4cae73659a98f8098,
    type: 2}
  m_PrefabInternal: {fileID: 1417634253}
--- !u!65 &1965447432
BoxCollider:
  m_ObjectHideFlags: 0
  m_CorrespondingSourceObject: {fileID: 0}
  m_PrefabInternal: {fileID: 0}
  m_GameObject: {fileID: 1965447429}
  m_Material: {fileID: 0}
  m_IsTrigger: 0
  m_Enabled: 1
  serializedVersion: 2
  m_Size: {x: 0.013181138, y: 0.012699855, z: 0.033275783}
  m_Center: {x: 0.000005444135, y: 0.004791175, z: 0.014698114}
--- !u!1001 &2015827545
Prefab:
  m_ObjectHideFlags: 0
  serializedVersion: 2
  m_Modification:
    m_TransformParent: {fileID: 1191421651}
    m_Modifications:
    - target: {fileID: 4014873215115096, guid: 6858363b1a74df14198e5e62d7856efa, type: 2}
      propertyPath: m_LocalPosition.x
      value: 1.051
      objectReference: {fileID: 0}
    - target: {fileID: 4014873215115096, guid: 6858363b1a74df14198e5e62d7856efa, type: 2}
      propertyPath: m_LocalPosition.y
      value: -0.93
      objectReference: {fileID: 0}
    - target: {fileID: 4014873215115096, guid: 6858363b1a74df14198e5e62d7856efa, type: 2}
      propertyPath: m_LocalPosition.z
      value: -1.758
      objectReference: {fileID: 0}
    - target: {fileID: 4014873215115096, guid: 6858363b1a74df14198e5e62d7856efa, type: 2}
      propertyPath: m_LocalRotation.x
      value: -0
      objectReference: {fileID: 0}
    - target: {fileID: 4014873215115096, guid: 6858363b1a74df14198e5e62d7856efa, type: 2}
      propertyPath: m_LocalRotation.y
      value: -0
      objectReference: {fileID: 0}
    - target: {fileID: 4014873215115096, guid: 6858363b1a74df14198e5e62d7856efa, type: 2}
      propertyPath: m_LocalRotation.z
      value: -0
      objectReference: {fileID: 0}
    - target: {fileID: 4014873215115096, guid: 6858363b1a74df14198e5e62d7856efa, type: 2}
      propertyPath: m_LocalRotation.w
      value: 1
      objectReference: {fileID: 0}
    - target: {fileID: 4014873215115096, guid: 6858363b1a74df14198e5e62d7856efa, type: 2}
      propertyPath: m_RootOrder
      value: 3
      objectReference: {fileID: 0}
    m_RemovedComponents: []
  m_SourcePrefab: {fileID: 100100000, guid: 6858363b1a74df14198e5e62d7856efa, type: 2}
  m_IsPrefabAsset: 0
--- !u!4 &2015827546 stripped
Transform:
  m_CorrespondingSourceObject: {fileID: 4014873215115096, guid: 6858363b1a74df14198e5e62d7856efa,
    type: 2}
  m_PrefabInternal: {fileID: 2015827545}
--- !u!1 &2047672747
GameObject:
  m_ObjectHideFlags: 0
  m_CorrespondingSourceObject: {fileID: 0}
  m_PrefabInternal: {fileID: 0}
  serializedVersion: 6
  m_Component:
  - component: {fileID: 2047672748}
  - component: {fileID: 2047672749}
  m_Layer: 0
  m_Name: Edge (1)
  m_TagString: Untagged
  m_Icon: {fileID: 0}
  m_NavMeshLayer: 0
  m_StaticEditorFlags: 0
  m_IsActive: 1
--- !u!4 &2047672748
Transform:
  m_ObjectHideFlags: 0
  m_CorrespondingSourceObject: {fileID: 0}
  m_PrefabInternal: {fileID: 0}
  m_GameObject: {fileID: 2047672747}
  m_LocalRotation: {x: -0, y: 0.7071064, z: -0, w: 0.70710725}
  m_LocalPosition: {x: -0.841, y: 0.403, z: -0.594}
  m_LocalScale: {x: 1.0000005, y: 1, z: 1.0000005}
  m_Children: []
  m_Father: {fileID: 1119561828}
  m_RootOrder: 1
  m_LocalEulerAnglesHint: {x: 0, y: 90.00001, z: 0}
--- !u!65 &2047672749
BoxCollider:
  m_ObjectHideFlags: 0
  m_CorrespondingSourceObject: {fileID: 0}
  m_PrefabInternal: {fileID: 0}
  m_GameObject: {fileID: 2047672747}
  m_Material: {fileID: 0}
  m_IsTrigger: 0
  m_Enabled: 1
  serializedVersion: 2
  m_Size: {x: 0.15088353, y: 1, z: 3.7342815}
  m_Center: {x: 0.47226784, y: 0, z: 0.66074604}
--- !u!1 &2049634260
GameObject:
  m_ObjectHideFlags: 0
  m_CorrespondingSourceObject: {fileID: 0}
  m_PrefabInternal: {fileID: 0}
  serializedVersion: 6
  m_Component:
  - component: {fileID: 2049634261}
  - component: {fileID: 2049634262}
  m_Layer: 0
  m_Name: Shelf (9)
  m_TagString: Untagged
  m_Icon: {fileID: 0}
  m_NavMeshLayer: 0
  m_StaticEditorFlags: 0
  m_IsActive: 1
--- !u!4 &2049634261
Transform:
  m_ObjectHideFlags: 0
  m_CorrespondingSourceObject: {fileID: 0}
  m_PrefabInternal: {fileID: 0}
  m_GameObject: {fileID: 2049634260}
  m_LocalRotation: {x: -0, y: -0.7071079, z: -0, w: 0.70710564}
  m_LocalPosition: {x: -1.2303485, y: 0.403, z: -0.89921296}
  m_LocalScale: {x: 1.0000001, y: 1, z: 1.0000001}
  m_Children: []
  m_Father: {fileID: 1119561828}
  m_RootOrder: 15
  m_LocalEulerAnglesHint: {x: 0, y: 630, z: 0}
--- !u!65 &2049634262
BoxCollider:
  m_ObjectHideFlags: 0
  m_CorrespondingSourceObject: {fileID: 0}
  m_PrefabInternal: {fileID: 0}
  m_GameObject: {fileID: 2049634260}
  m_Material: {fileID: 0}
  m_IsTrigger: 0
  m_Enabled: 1
  serializedVersion: 2
  m_Size: {x: 0.111381516, y: 0.33820653, z: 1.2482544}
  m_Center: {x: 0.47061396, y: -0.09816077, z: 0.23148711}
--- !u!4 &2064305071 stripped
Transform:
  m_CorrespondingSourceObject: {fileID: 4224180780062606, guid: 68b4b50eb9169204c8217659ce32a328,
    type: 2}
  m_PrefabInternal: {fileID: 705428012}
